@misc{data_world, title={World Health Organization. WHO Statement Regarding
Cluster of Pnemonia Cases in Wuhan, China, 2020}}

@article{huang2020clinical,
  title={Clinical features of patients infected with 2019 novel coronavirus in Wuhan, China},
  author={Huang, Chaolin and Wang, Yeming and Li, Xingwang and Ren, Lili and Zhao, Jianping and Hu, Yi and Zhang, Li and Fan, Guohui and Xu, Jiuyang and Gu, Xiaoying and others},
  journal={The lancet},
  volume={395},
  number={10223},
  pages={497--506},
  year={2020},
  publisher={Elsevier}
}


@article{hu2020artificial,
  title={Artificial intelligence forecasting of covid-19 in china},
  author={Hu, Zixin and Ge, Qiyang and Jin, Li and Xiong, Momiao},
  journal={arXiv preprint arXiv:2002.07112},
  year={2020}
}



@article{chimmula2020time,
  title={Time series forecasting of covid-19 transmission in canada using lstm networks},
  author={Chimmula, Vinay Kumar Reddy and Zhang, Lei},
  journal={Chaos, Solitons \& Fractals},
  pages={109864},
  year={2020},
  publisher={Elsevier}
}

@article{article,
author = {Aritra, Konar and Tushar, Banerjee and Roy, Archisman},
year = {2020},
month = {01},
pages = {},
title = {Detailed Study of Covid-19 Outbreak in India and West Bengal},
volume = {5},
doi = {10.5281/zenodo.3865821}
}

@article{tomar2020prediction,
  title={Prediction for the spread of COVID-19 in India and effectiveness of preventive measures},
  author={Tomar, Anuradha and Gupta, Neeraj},
  journal={Science of The Total Environment},
  pages={138762},
  year={2020},
  publisher={Elsevier}
}


@article{bandyopadhyay2020machine,
  title={Machine learning approach for confirmation of covid-19 cases: Positive, negative, death and release},
  author={Bandyopadhyay, Samir Kumar and Dutta, Shawni},
  journal={medRxiv},
  year={2020},
  publisher={Cold Spring Harbor Laboratory Press}
}

@article{hu2020artificial,
  title={Artificial intelligence forecasting of covid-19 in china},
  author={Hu, Zixin and Ge, Qiyang and Jin, Li and Xiong, Momiao},
  journal={arXiv preprint arXiv:2002.07112},
  year={2020}
}


@article{ayyoubzadeh2020predicting,
  title={Predicting COVID-19 incidence through analysis of google trends data in iran: data mining and deep learning pilot study},
  author={Ayyoubzadeh, Seyed Mohammad and Ayyoubzadeh, Seyed Mehdi and Zahedi, Hoda and Ahmadi, Mahnaz and Kalhori, Sharareh R Niakan},
  journal={JMIR Public Health and Surveillance},
  volume={6},
  number={2},
  pages={e18828},
  year={2020},
  publisher={JMIR Publications Inc., Toronto, Canada}
}

@article{tuli2020predicting,
  title={Predicting the Growth and Trend of COVID-19 Pandemic using Machine Learning and Cloud Computing},
  author={Tuli, Shreshth and Tuli, Shikhar and Tuli, Rakesh and Gill, Sukhpal Singh},
  journal={Internet of Things},
  pages={100222},
  year={2020},
  publisher={Elsevier}
}

@article{fanelli2020analysis,
  title={Analysis and forecast of COVID-19 spreading in China, Italy and France},
  author={Fanelli, Duccio and Piazza, Francesco},
  journal={Chaos, Solitons \& Fractals},
  volume={134},
  pages={109761},
  year={2020},
  publisher={Elsevier}
}


@article{salgotra2020time,
  title={Time Series Analysis and Forecast of the COVID-19 Pandemic in India using Genetic Programming},
  author={Salgotra, Rohit and Gandomi, Mostafa and Gandomi, Amir H},
  journal={Chaos, Solitons \& Fractals},
  pages={109945},
  year={2020},
  publisher={Elsevier}
}


%@misc{genetic sequences for the sars-cov-2 coronavirus | wolfram data repository, title={Genetic Sequences for the SARS-CoV-2 Coronavirus: Wolfram Data Repository}, url={https://doi.org/10.24097/wolfram.03304.data}, journal={Genetic Sequences for the SARS-CoV-2 Coronavirus | Wolfram Data Repository}}

@article{10.1371/journal.pone.0232391,
    author = {Randhawa, Gurjit S. AND Soltysiak, Maximillian P. M. AND El Roz, Hadi AND de Souza, Camila P. E. AND Hill, Kathleen A. AND Kari, Lila},
    journal = {PLOS ONE},
    publisher = {Public Library of Science},
    title = {Machine learning using intrinsic genomic signatures for rapid classification of novel pathogens: COVID-19 case study},
    year = {2020},
    month = {04},
    volume = {15},
    url = {https://doi.org/10.1371/journal.pone.0232391},
    pges = {1-24},
    number = {4},
    doi = {10.1371/journal.pone.0232391}
}

@misc{salgotra_2020, title={COVID-19: Time Series Datasets India versus World}, url={http://dx.doi.org/10.17632/tmrs92j7pv.1}, journal={Mendeley Data}, publisher={Mendeley Data}, author={Salgotra, Rohit}, year={2020}, month={May}}

@misc{tathagatbanerjee_2020, title={COVID-19 Analytics India}, url={https://www.kaggle.com/tathagatbanerjee/covid-19-analytics-india}, journal={Kaggle}, publisher={Kaggle}, author={Tathagatbanerjee}, year={2020}, month={Apr}}

@article{knight2016bridging,
  title={Bridging the gap between evidence and policy for infectious diseases: How models can aid public health decision-making},
  author={Knight, Gwenan M and Dharan, Nila J and Fox, Gregory J and Stennis, Natalie and Zwerling, Alice and Khurana, Renuka and Dowdy, David W},
  journal={International journal of infectious diseases},
  volume={42},
  pages={17--23},
  year={2016},
  publisher={Elsevier}
}

@misc{palladino2020modelling,
    title={Modelling the spread of Covid19 in Italy using a revised version of the SIR model},
    author={Andrea Palladino and Vincenzo Nardelli and Luigi Giuseppe Atzeni and Nane Cantatore and Maddalena Cataldo and Fabrizio Croccolo and Nicolas Estrada and Antonio Tombolini},
    year={2020},
    eprint={2005.08724},
    archivePrefix={arXiv},
    primaryClass={physics.soc-ph}
}

@misc{rainisch2020dynamic,
    title={A dynamic modeling tool for estimating healthcare demand from the COVID19 epidemic and evaluating population-wide interventions},
    author={Gabriel Rainisch and Eduardo A. Undurraga and Gerardo Chowell},
    year={2020},
    eprint={2004.13544},
    archivePrefix={arXiv},
    primaryClass={q-bio.PE}
}

@misc{singh2020connecting,
    title={Connecting the Dots of COVID-19 Transmissions in India},
    author={Roshan Singh and Pranav Kumar Singh},
    year={2020},
    eprint={2004.07610},
    archivePrefix={arXiv},
    primaryClass={cs.SI}
}

@misc{koubaa2020understanding,
    title={Understanding the COVID19 Outbreak: A Comparative Data Analytics and Study},
    author={Anis Koubaa},
    year={2020},
    eprint={2003.14150},
    archivePrefix={arXiv},
    primaryClass={q-bio.PE}
}

@misc{koubaa2020understanding,
	    title={Understanding the COVID19 Outbreak: A Comparative Data
		    Analytics and Study},
	        author={Anis Koubaa},
		    year={2020},
		        eprint={2003.14150},
			    archivePrefix={arXiv},
			        primaryClass={q-bio.PE}
}

@article{elmousalami2020day,
  title={Day level forecasting for Coronavirus Disease (COVID-19) spread: analysis, modeling and recommendations},
  author={Elmousalami, Haytham H and Hassanien, Aboul Ella},
  journal={arXiv preprint arXiv:2003.07778},
  year={2020}
}


@article{elmousalami2020day,
	  title={Day level forecasting for Coronavirus Disease (COVID-19)
		  spread: analysis, modeling and recommendations},
	    author={Elmousalami, Haytham H and Hassanien, Aboul Ella},
	      journal={arXiv preprint arXiv:2003.07778},
	        year={2020}
}


@article{elmousalami2020day,
	  title={Day level forecasting for Coronavirus Disease (COVID-19)
		  spread: analysis, modeling and recommendations},
	    author={Elmousalami, Haytham H and Hassanien, Aboul Ella},
	      journal={arXiv preprint arXiv:2003.07778},
	        year={2020}
}


@article{roosa2020real,
  title={Real-time forecasts of the COVID-19 epidemic in China from February 5th to February 24th, 2020},
  author={Roosa, K and Lee, Y and Luo, R and Kirpich, A and Rothenberg, R and Hyman, JM and Yan, P and Chowell, G},
  journal={Infectious Disease Modelling},
  volume={5},
  pages={256--263},
  year={2020},
  publisher={Elsevier}
}

@article{boccaletti2020modeling,
  title={Modeling and forecasting of epidemic spreading: The case of Covid-19 and beyond},
  author={Boccaletti, Stefano and Ditto, William and Mindlin, Gabriel and Atangana, Abdon},
  journal={Chaos, Solitons, and Fractals},
  volume={135},
  pages={109794},
  year={2020},
  publisher={Elsevier}
}


@article{bouktif2018optimal,
  title={Optimal deep learning lstm model for electric load forecasting using feature selection and genetic algorithm: Comparison with machine learning approaches},
  author={Bouktif, Salah and Fiaz, Ali and Ouni, Ali and Serhani, Mohamed Adel},
  journal={Energies},
  volume={11},
  number={7},
  pages={1636},
  year={2018},
  publisher={Multidisciplinary Digital Publishing Institute}
}

@article{yang2020modified,
  title={Modified SEIR and AI prediction of the epidemics trend of COVID-19 in China under public health interventions},
  author={Yang, Zifeng and Zeng, Zhiqi and Wang, Ke and Wong, Sook-San and Liang, Wenhua and Zanin, Mark and Liu, Peng and Cao, Xudong and Gao, Zhongqiang and Mai, Zhitong and others},
  journal={Journal of Thoracic Disease},
  volume={12},
  number={3},
  pages={165},
  year={2020},
  publisher={AME Publications}
}

@article{anastassopoulou2020data,
  title={Data-based analysis, modelling and forecasting of the COVID-19 outbreak},
  author={Anastassopoulou, Cleo and Russo, Lucia and Tsakris, Athanasios and Siettos, Constantinos},
  journal={PloS one},
  volume={15},
  number={3},
  pages={e0230405},
  year={2020},
  publisher={Public Library of Science San Francisco, CA USA}
}

@article{rainisch2020dynamic,
  title={A dynamic modeling tool for estimating healthcare demand from the COVID19 epidemic and evaluating population-wide interventions},
  author={Rainisch, Gabriel and Undurraga, Eduardo A and Chowell, Gerardo},
  journal={International Journal of Infectious Diseases},
  year={2020},
  publisher={Elsevier}
}

@article{singh2020connecting,
  title={Connecting the Dots of COVID-19 Transmissions in India},
  author={Singh, Roshan and Singh, Pranav Kumar},
  journal={arXiv preprint arXiv:2004.07610},
  year={2020}
}

@article{elmousalami2020day,
  title={Day level forecasting for Coronavirus Disease (COVID-19) spread: analysis, modeling and recommendations},
  author={Elmousalami, Haytham H and Hassanien, Aboul Ella},
  journal={arXiv preprint arXiv:2003.07778},
  year={2020}
}

@article{roosa2020real,
  title={Real-time forecasts of the COVID-19 epidemic in China from February 5th to February 24th, 2020},
  author={Roosa, K and Lee, Y and Luo, R and Kirpich, A and Rothenberg, R and Hyman, JM and Yan, P and Chowell, G},
  journal={Infectious Disease Modelling},
  volume={5},
  pages={256--263},
  year={2020},
  publisher={Elsevier}
}

