@article{shih_wang_2016,
    title={Integrating wireless sensor networks with statistical quality control to develop a cold chain system in food industries},
    volume={45}, DOI={10.1016/j.csi.2015.12.004},
    journal={Computer Standards \& Interfaces},
    author={Shih, Chih-Wen and Wang, Chih-Hsuan},
    year={2016},
    hpages={62–78}
}

@article{monteleone_sampaio_maia_2017,
    title={A novel deployment of smart Cold Chain system using 2G-RFID-Sys temperature monitoring in medicine Cold Chain based on Internet of Things},
    DOI={10.1109/soli.2017.8120995},
    journal={2017 IEEE International Conference on Service Operations and Logistics, and Informatics (SOLI)},
    author={Monteleone, Sergio and Sampaio, Mauro and Maia, Rodrigo Filev},
    year={2017}
}

@article{ruan_shi_2016,
    title={Monitoring and assessing fruit freshness in IOT-based e-commerce delivery using scenario analysis and interval number approaches},
    volume={373},
    DOI={10.1016/j.ins.2016.07.014},
    journal={Information Sciences},
    author={Ruan, Junhu and Shi, Yan},
    year={2016},
    pages={557–570}
}

@article{chandra_lee_2014,
    title={A Method of WSN and Sensor Cloud System to Monitor Cold Chain Logistics as Part of the IoT Technology},
    volume={9},
    DOI={10.14257/ijmue.2014.9.10.15},
    number={10},
    journal={International Journal of Multimedia and Ubiquitous Engineering},
    author={Chandra, Abel Avitesh and Lee, Seong Ro},
    year={2014},
    pages={145–152}
}


@inproceedings{zhang2020analysis,
  title={Analysis of risk control factors of medical cold chain logistics based on ISM model},
  author={Zhang, Donghua and Han, Tong},
  booktitle={2020 Chinese Control And Decision Conference (CCDC)},
  pages={4222--4227},
  year={2020},
  organization={IEEE}
}

@inproceedings{xv2020analysis,
  title={Analysis of cold chain development based on ISM model under the situation of (COVID-19)},
  author={Xv, Yanqi and Zhang, Xiaotong and Qiu, Xiaoxuan and Liang, Xuerui},
  booktitle={2020 16th Dahe Fortune China Forum and Chinese High-educational Management Annual Academic Conference (DFHMC)},
  pages={254--257},
  year={2020},
  organization={IEEE}
}

@article{halim2021implementation,
  title={Implementation of IoT and Blockchain for Temperature Monitoring in Covid19 Vaccine Cold Chain Logistics},
  author={Halim, Ahmad Helmi Abdul and Halim, Mohd Hizami Abdul and Usman, Sahnius and others},
  journal={Open International Journal of Informatics},
  volume={9},
  number={1},
  pages={78--87},
  year={2021}
}

@article{ruan2016monitoring,
  title={Monitoring and assessing fruit freshness in IOT-based e-commerce delivery using scenario analysis and interval number approaches},
  author={Ruan, Junhu and Shi, Yan},
  journal={Information Sciences},
  volume={373},
  pages={557--570},
  year={2016},
  publisher={Elsevier}
}

@inproceedings{ding2015privacy,
  title={Privacy-preserving temperature query protocol in cold-chain logistics},
  author={Ding, Linhua and Wang, Jiuru and Li, Liu},
  booktitle={2015 7th International Conference on Intelligent Human-Machine Systems and Cybernetics},
  volume={1},
  pages={113--116},
  year={2015},
  organization={IEEE}
}

@article{shingh2020dairy,
  title={Dairy supply chain system based on blockchain technology},
  author={Shingh, Shuvam and Kamalvanshi, V and Ghimire, Sarthak and Basyal, Sudarshan},
  journal={Asian Journal of Economics, Business and Accounting},
  pages={13--19},
  year={2020}
}

@inproceedings{bengiovanni2020risk,
  title={Risk Management and Healthcare: IoT Technologies and Smart Monitoring System for a Good Cold Chain Management},
  author={Bengiovanni, Teresa and Rosito, Roberto Conte and Lacasa, Vincenzo and Simone, Eugenio and Sergi, Ilaria and Iacovone, Vincenzo and Viggiano, Michele and Patrono, Luigi},
  booktitle={2020 5th International Conference on Smart and Sustainable Technologies (SpliTech)},
  pages={1--6},
  year={2020},
  organization={IEEE}
}
