@misc{data_world, title={World Health Organization. WHO Statement Regarding
Cluster of Pnemonia Cases in Wuhan, China, 2020}}
